@article{buchberger1985grobner,
  title={Grobner bases: An algorithmic method in polynomial ideal theory},
  author={Buchberger, Bruno},
  journal={Multidimensional systems theory},
  pages={184--232},
  year={1985},
  publisher={D. Reidel Publ. Comp., Dordrecht}
}

@ARTICLE{Krone:egb-toric,
   author = {{Krone}, Robert},
    title = "{Equivariant Gr\"obner bases of symmetric toric ideals}",
  journal = {ArXiv e-prints},
archivePrefix = "arXiv",
   eprint = {1604.08517},
 primaryClass = "math.AC",
 keywords = {Mathematics - Commutative Algebra, 13P10, 13E15},
     year = 2016,
    month = apr,
   adsurl = {http://adsabs.harvard.edu/abs/2016arXiv160408517K},
  adsnote = {Provided by the SAO/NASA Astrophysics Data System}
}

@article{renschuch2003contributions,
  title={Contributions to constructive polynomial ideal theory XXIII: forgotten works of Leningrad mathematician NM Gjunter on polynomial ideal theory},
  author={Renschuch, Bodo and Roloff, Hartmut and Rasputin, Georgij G and Abramson, Michael},
  journal={ACM SIGSAM Bulletin},
  volume={37},
  number={2},
  pages={35--48},
  year={2003},
  publisher={ACM}
}

@book {Cox-Little-OShea:I-V-A,
    AUTHOR = {Cox, David A. and Little, John and O'Shea, Donal},
     TITLE = {Ideals, varieties, and algorithms},
    SERIES = {Undergraduate Texts in Mathematics},
   EDITION = {Fourth},
      NOTE = {An introduction to computational algebraic geometry and
              commutative algebra},
 PUBLISHER = {Springer, Cham},
      YEAR = {2015},
     PAGES = {xvi+646},
      ISBN = {978-3-319-16720-6; 978-3-319-16721-3},
   MRCLASS = {13P10 (13-01 14-01 14Qxx 68W30)},
  MRNUMBER = {3330490},
}

@article {Gao-Volny-Wang:signature-GBs,
    AUTHOR = {Gao, Shuhong and Volny, IV, Frank and Wang, Mingsheng},
     TITLE = {A new framework for computing {G}r\"obner bases},
   JOURNAL = {Math. Comp.},
  FJOURNAL = {Mathematics of Computation},
    VOLUME = {85},
      YEAR = {2016},
    NUMBER = {297},
     PAGES = {449--465},
      ISSN = {0025-5718},
   MRCLASS = {13P10 (68W10)},
  MRNUMBER = {3404457},
       DOI = {10.1090/mcom/2969},
       URL = {http://dx.doi.org/10.1090/mcom/2969},
}

@inproceedings{KKL:equivariant-markov,
  title={Equivariant lattice generators and Markov bases},
  author={Kahle, Thomas and Krone, Robert and Leykin, Anton},
  booktitle={International Symposium on Symbolic and Algebraic Computation},
  year={2014}
}

@MISC{EquivariantGB,
  author =       {Robert Krone},
  title =        {EquivariantGB: equivariant Gr\"obner bases in Macaulay2},
  howpublished = {Available at \verb+http://people.math.gatech.edu/~rkrone3/EquivariantGB.html+}
}

@Article{GrossPetrovic12,
    Author = {Elizabeth {Gross} and Sonja {Petrovi\'c}},
    Title = {{Combinatorial degree bound for toric ideals of
hypergraphs.}},
    Journal = {{Int. J. Algebra Comput.}},
    Volume = {23},
    Number = {6},
    Pages = {1503--1520},
    Year = {2013}
}

@article{gunther1941modules,
  title={Sur les modules des formes alg{\'e}briques},
  author={Gunther, N},
  journal={Trav. Inst. Math. Tbilissi [Trudy Tbiliss. Mat. Inst.]},
  volume={9},
  pages={97--206},
  year={1941}
}

@article{nash1963well,
  title={On well-quasi-ordering finite trees},
  author={Nash-Williams, C},
  journal={Mathematical Proceedings of the Cambridge Philosophical Society},
  volume={59},
  number={04},
  pages={833--835},
  year={1963},
  organization={Cambridge Univ Press}
}

@article{higman1952ordering,
  title={Ordering by divisibility in abstract algebras},
  author={Higman, Graham},
  journal={Proceedings of the London Mathematical Society},
  volume={3},
  number={1},
  pages={326--336},
  year={1952},
  publisher={Oxford University Press}
}

@article{kruskal1972theory,
  title={The theory of well-quasi-ordering: A frequently discovered concept},
  author={Kruskal, Joseph B},
  journal={Journal of Combinatorial Theory, Series A},
  volume={13},
  number={3},
  pages={297--305},
  year={1972},
  publisher={Elsevier}
}

@article{hillar2012finite,
  title={Finite groebner bases in infinite dimensional polynomial rings and applications},
  author={Hillar, Christopher J. and Sullivant, Seth},
  journal={Advances in Mathematics},
  volume={229},
  number={1},
  pages={1--25},
  year={2012},
  publisher={Elsevier}
}

@proceedings{Pachter05,
editor={Lior Pachter and Bernd Sturmfels},
title={Algebraic Statistics for Computational Biology},
publisher={Cambridge University Press},
address={Cambridge},
year={2005}}

@book{Lauritzen98,
author={Lauritzen, Steffen L.},
title={Graphical models},
series={Oxford Statistical Science Series},
volume={17},
address={Oxford},
publisher={Oxford Univ. Press.},
year={1998}}

@article{Snowden10,
author={Andrew Snowden},
title={Syzygies of {S}egre embeddings and {$\Delta$}-modules},
journal={Duke Math. J.},
note={To appear, preprint available from
\verb+http://arxiv.org/abs/1006.5248+},
year={2013}
}

@article{steidel2013grobner,
  title={Gr{\"o}bner bases of symmetric ideals},
  author={Steidel, Stefan},
  journal={Journal of Symbolic Computation},
  volume={54},
  pages={72--86},
  year={2013},
  publisher={Elsevier}
}

@article{Hillar13,
author={Christopher J.~Hillar and del Campo, Abraham
Mart{\'i}n},
title={Finiteness theorems and algorithms for permutation
invariant
chains of {L}aurent lattice ideals},
journal={J. Symb. Comput.},
volume={50},
pages={314--334},
year={2013}}


@article{hillar2016corrigendum,
  title={Corrigendum to ?Finiteness theorems and algorithms for permutation invariant chains of Laurent lattice ideals?[J. Symb. Comput. 50 (March 2013) 314--334]},
  author={Hillar, Christopher J and del Campo, Abraham Mart{\'\i}n},
  journal={Journal of Symbolic Computation},
  volume={74},
  number={C},
  pages={650--652},
  year={2016},
  publisher={Academic Press, Inc.}
}

@inproceedings{aschenbrenner2008algorithm,
  title={An algorithm for finding symmetric Grobner bases in infinite dimensional rings},
  author={Aschenbrenner, Matthias and Hillar, Christopher J},
  booktitle={Proceedings of the twenty-first international symposium on Symbolic and algebraic computation},
  pages={117--124},
  year={2008},
  organization={ACM}
}

@article{aschenbrenner2007finite,
author={Aschenbrenner, Matthias and Hillar, Christopher J.},
title={Finite generation of symmetric ideals},
journal={Trans. Am. Math. Soc.},
volume={359},
number={11},
pages={5171--5192},
year={2007}}

@article{cohen1967laws,
  title={On the laws of a metabelian variety},
  author={Cohen, Daniel E},
  journal={Journal of Algebra},
  volume={5},
  number={3},
  pages={267--273},
  year={1967},
  publisher={Elsevier}
}

@inproceedings{Cohen87,
author={Cohen, Daniel E.},
title={Closure relations, {B}uchberger's algorithm, and
polynomials in
infinitely many variables},
booktitle={Computation theory and logic},
series={Lect. Notes Comput. Sci.},
volume={270},
pages={78--87},
year={1987}}

@article{Draisma11d,
author={Jan Draisma and Jochen Kuttler},
title={Bounded-rank tensors are defined in bounded degree},
journal={Duke Math. J.},
note={To appear; preprint available from
\verb+http://arxiv.org/abs/1103.5336+},
year={2013}}

@article{Draisma08b,
author={Jan Draisma},
title={Finiteness for the k-factor model and chirality
varieties},
journal={Adv. Math.},
volume={223},
pages={243--256},
year={2010}
}

@Misc{Kiraly13,
author = {Franz J.~Kiraly and Zvi Rosen},
title={Symmetries and Finiteness for Algebraic Matroids},
howpublished = {poster at MEGA 2013},
year={2013}}

@Article{Haws12,
    Author = {David {Haws} and Abraham Mart\'{\i}n {del Campo} and
Akimichi {Takemura} and Ruriko {Yoshida}},
    Title = {{Markov degree of the three-state toric homogeneous
Markov chain model.}},
    Journal = {{Beitr. Algebra Geom.}},
    Volume = {55},
    Number = {1},
    Pages = {161--188},
    Year = {2014}
}

@Article{Noren12,
    Author = {Patrik {Nor\'en}},
    Title = {{The three-state toric homogeneous Markov chain model has
Markov degree two.}},
    Journal = {{J. Symb. Comput.}},
    Volume = {68},
    Pages = {285--296},
    Year = {2015}
}

@article{Draisma07b,
author={Jan Draisma and Jochen Kuttler},
title={On the ideals of equivariant tree models},
journal={Math. Ann.},
volume={344},
number={3},
pages={619--644},
year={2009}
}

@article{Draisma12f,
author={Jan Draisma and Rob H.~Eggermont},
title={Finiteness results for {A}belian tree models},
journal={J. Eur. Math. Soc.},
note={To appear; \verb+arxiv:1207.1282+},
year={2014}}

@article{Allman04,
title={Phylogenetic Ideals and Varieties for the General
{M}arkov Model},
author={Elizabeth S. Allman and John A. Rhodes},
journal={Adv. Appl. Math.},
volume={40},
number={2},
pages={127--148},
year={2008}}

@book{schrijver2003combinatorial,
  title={Combinatorial optimization: polyhedra and efficiency},
  author={Schrijver, Alexander},
  volume={24},
  pages={259--292},
  year={2003},
  publisher={Springer Verlag}
}

@Misc{4ti2,
  author =   {4ti2 team},
  title =    {4ti2---A software package for algebraic, geometric and 
              combinatorial problems on linear spaces},
  howpublished = {{A}vailable at www.4ti2.de}
}

@article{Brouwer09e,
author={Andries E. Brouwer and Jan Draisma},
title={Equivariant {G}r\"obner bases and the two-factor
model},
journal={Math. Comput.},
volume={80},
pages={1123--1133},
year={2011}
}

@article{Higman52,
author={Higman, Graham},
title={Ordering by divisibility in abstract algebras},
journal={Proc. Lond. Math. Soc., III. Ser.},
volume={2},
pages={326--336},
year={1952}}

@article{Dickson13,
author={Dickson, Leonard E.},
title={Finiteness of the Odd Perfect and Primitive Abundant
Numbers
with $n$ Distinct Prime Factors},
journal={Amer. J. Math.},
volume={35},
year={1913},
number={4},
pages={413--422}}

@misc{grayson2002macaulay,
  title={Macaulay 2, a software system for research in algebraic geometry},
  author={Grayson, Daniel R and Stillman, Michael E},
  year={2002},
  howpublished = {Available at \verb+http://www.math.illinois.edu/Macaulay2/+}
}

@article{deLoera95,
author={Jes\'us A. de Loera and Bernd Sturmfels and Rekha R.
Thomas},
title={Gr{\"o}bner bases and triangulations of the second
hypersimplex},
journal={Combinatorica},
volume={15},
pages={409--424},
year={1995}}

@Article{Sullivant06,
    Author = {Seth {Sullivant}},
    Title = {{Compressed polytopes and statistical
disclosure limitation.}},
    Journal = {{Tohoku Math. J. (2)}},
    Volume = {58},
    Number = {3},
    Pages = {433--445},
    Year = {2006}
}

@Article{Ohsugi01,
    Author = {Hidefumi {Ohsugi} and Takayuki {Hibi}},
    Title = {{Convex polytopes all of whose reverse
lexicographic initial ideals are squarefree.}},
    Journal = {{Proc. Am. Math. Soc.}},
    Volume = {129},
    Number = {9},
    Pages = {2541--2546},
    Year = {2001}
}

@Article{Yamaguchi14,
    Author = {Takashi {Yamaguchi} and Mitsunori {Ogawa} and
Akimichi {Takemura}},
    Title = {{Markov degree of the Birkhoff model.}},
    Journal = {{J. Algebr. Comb.}},
    Volume = {40},
    Number = {1},
    Pages = {293--311},
    Year = {2014}
}

@article{draisma2013noetherianity,
  title={Noetherianity for infinite-dimensional toric varieties},
  author={Draisma, Jan and Eggermont, Rob H and Krone, Robert and Leykin, Anton},
  journal={Algebra \& Number Theory},
  volume={9},
  number={8},
  pages={1857--1880},
  year={2015}
}
