@inproceedings{KKL:equivariant-markov,
  title={Equivariant lattice generators and Markov bases},
  author={Kahle, Thomas and Krone, Robert and Leykin, Anton},
  booktitle={International Symposium on Symbolic and Algebraic Computation},
  year={2014}
}

@MISC{EquivariantGB,
  author =       {Robert Krone},
  title =        {EquivariantGB: equivariant Gr\"obner bases in Macaulay2},
  howpublished = {Available at \verb+http://people.math.gatech.edu/~rkrone3/EquivariantGB.html+}
}

@Article{GrossPetrovic12,
    Author = {Elizabeth {Gross} and Sonja {Petrovi\'c}},
    Title = {{Combinatorial degree bound for toric ideals of
hypergraphs.}},
    Journal = {{Int. J. Algebra Comput.}},
    Volume = {23},
    Number = {6},
    Pages = {1503--1520},
    Year = {2013}
}

@article{nash1963well,
  title={On well-quasi-ordering finite trees},
  author={Nash-Williams, C},
  journal={Mathematical Proceedings of the Cambridge Philosophical Society},
  volume={59},
  number={04},
  pages={833--835},
  year={1963},
  organization={Cambridge Univ Press}
}

@article{higman1952ordering,
  title={Ordering by divisibility in abstract algebras},
  author={Higman, Graham},
  journal={Proceedings of the London Mathematical Society},
  volume={3},
  number={1},
  pages={326--336},
  year={1952},
  publisher={Oxford University Press}
}

@article{kruskal1972theory,
  title={The theory of well-quasi-ordering: A frequently discovered concept},
  author={Kruskal, Joseph B},
  journal={Journal of Combinatorial Theory, Series A},
  volume={13},
  number={3},
  pages={297--305},
  year={1972},
  publisher={Elsevier}
}

@article{hillar2012finite,
  title={Finite groebner bases in infinite dimensional polynomial rings and applications},
  author={Hillar, Christopher J. and Sullivant, Seth},
  journal={Advances in Mathematics},
  volume={229},
  number={1},
  pages={1--25},
  year={2012},
  publisher={Elsevier}
}

@proceedings{Pachter05,
editor={Lior Pachter and Bernd Sturmfels},
title={Algebraic Statistics for Computational Biology},
publisher={Cambridge University Press},
address={Cambridge},
year={2005}}

@book{Lauritzen98,
author={Lauritzen, Steffen L.},
title={Graphical models},
series={Oxford Statistical Science Series},
volume={17},
address={Oxford},
publisher={Oxford Univ. Press.},
year={1998}}

@article{Snowden10,
author={Andrew Snowden},
title={Syzygies of {S}egre embeddings and {$\Delta$}-modules},
journal={Duke Math. J.},
note={To appear, preprint available from
\verb+http://arxiv.org/abs/1006.5248+},
year={2013}
}

@article{Hillar13,
author={Christopher J.~Hillar and del Campo, Abraham
Mart{\'i}n},
title={Finiteness theorems and algorithms for permutation
invariant
chains of {L}aurent lattice ideals},
journal={J. Symb. Comput.},
volume={50},
pages={314--334},
year={2013}}

@article{Aschenbrenner07,
author={Aschenbrenner, Matthias and Hillar, Christopher J.},
title={Finite generation of symmetric ideals},
journal={Trans. Am. Math. Soc.},
volume={359},
number={11},
pages={5171--5192},
year={2007}}

@inproceedings{Cohen87,
author={Cohen, Daniel E.},
title={Closure relations, {B}uchberger's algorithm, and
polynomials in
infinitely many variables},
booktitle={Computation theory and logic},
series={Lect. Notes Comput. Sci.},
volume={270},
pages={78--87},
year={1987}}

@article{Draisma11d,
author={Jan Draisma and Jochen Kuttler},
title={Bounded-rank tensors are defined in bounded degree},
journal={Duke Math. J.},
note={To appear; preprint available from
\verb+http://arxiv.org/abs/1103.5336+},
year={2013}}

@article{Draisma08b,
author={Jan Draisma},
title={Finiteness for the k-factor model and chirality
varieties},
journal={Adv. Math.},
volume={223},
pages={243--256},
year={2010}
}

@Misc{Kiraly13,
author = {Franz J.~Kiraly and Zvi Rosen},
title={Symmetries and Finiteness for Algebraic Matroids},
howpublished = {poster at MEGA 2013},
year={2013}}

@Article{Haws12,
    Author = {David {Haws} and Abraham Mart\'{\i}n {del Campo} and
Akimichi {Takemura} and Ruriko {Yoshida}},
    Title = {{Markov degree of the three-state toric homogeneous
Markov chain model.}},
    Journal = {{Beitr. Algebra Geom.}},
    Volume = {55},
    Number = {1},
    Pages = {161--188},
    Year = {2014}
}

@Article{Noren12,
    Author = {Patrik {Nor\'en}},
    Title = {{The three-state toric homogeneous Markov chain model has
Markov degree two.}},
    Journal = {{J. Symb. Comput.}},
    Volume = {68},
    Pages = {285--296},
    Year = {2015}
}

@article{Draisma07b,
author={Jan Draisma and Jochen Kuttler},
title={On the ideals of equivariant tree models},
journal={Math. Ann.},
volume={344},
number={3},
pages={619--644},
year={2009}
}

@article{Draisma12f,
author={Jan Draisma and Rob H.~Eggermont},
title={Finiteness results for {A}belian tree models},
journal={J. Eur. Math. Soc.},
note={To appear; \verb+arxiv:1207.1282+},
year={2014}}

@article{Allman04,
title={Phylogenetic Ideals and Varieties for the General
{M}arkov Model},
author={Elizabeth S. Allman and John A. Rhodes},
journal={Adv. Appl. Math.},
volume={40},
number={2},
pages={127--148},
year={2008}}

@book{schrijver2003combinatorial,
  title={Combinatorial optimization: polyhedra and efficiency},
  author={Schrijver, Alexander},
  volume={24},
  pages={259--292},
  year={2003},
  publisher={Springer Verlag}
}

@misc{hemmecke20084ti2,
  title={4ti2 Version 1.3.2--Computation of Hilbert bases, Graver bases, toric Gr{\"o}bner bases, and more},
  author={Hemmecke, Raymond and Hemmecke, Ralf and Malkin, Peter},
  year={2008}
}

@article{Brouwer09e,
author={Andries E. Brouwer and Jan Draisma},
title={Equivariant {G}r\"obner bases and the two-factor
model},
journal={Math. Comput.},
volume={80},
pages={1123--1133},
year={2011}
}

@article{Higman52,
author={Higman, Graham},
title={Ordering by divisibility in abstract algebras},
journal={Proc. Lond. Math. Soc., III. Ser.},
volume={2},
pages={326--336},
year={1952}}

@article{Dickson13,
author={Dickson, Leonard E.},
title={Finiteness of the Odd Perfect and Primitive Abundant
Numbers
with $n$ Distinct Prime Factors},
journal={Amer. J. Math.},
volume={35},
year={1913},
number={4},
pages={413--422}}

@misc{grayson2002macaulay,
  title={Macaulay 2, a software system for research in algebraic geometry},
  author={Grayson, Daniel R and Stillman, Michael E},
  year={2002},
  howpublished = {Available at \verb+http://www.math.illinois.edu/Macaulay2/+}
}

@article{deLoera95,
author={Jes\'us A. de Loera and Bernd Sturmfels and Rekha R.
Thomas},
title={Gr{\"o}bner bases and triangulations of the second
hypersimplex},
journal={Combinatorica},
volume={15},
pages={409--424},
year={1995}}

@Article{Sullivant06,
    Author = {Seth {Sullivant}},
    Title = {{Compressed polytopes and statistical
disclosure limitation.}},
    Journal = {{Tohoku Math. J. (2)}},
    Volume = {58},
    Number = {3},
    Pages = {433--445},
    Year = {2006}
}

@Article{Ohsugi01,
    Author = {Hidefumi {Ohsugi} and Takayuki {Hibi}},
    Title = {{Convex polytopes all of whose reverse
lexicographic initial ideals are squarefree.}},
    Journal = {{Proc. Am. Math. Soc.}},
    Volume = {129},
    Number = {9},
    Pages = {2541--2546},
    Year = {2001}
}

@Article{Yamaguchi14,
    Author = {Takashi {Yamaguchi} and Mitsunori {Ogawa} and
Akimichi {Takemura}},
    Title = {{Markov degree of the Birkhoff model.}},
    Journal = {{J. Algebr. Comb.}},
    Volume = {40},
    Number = {1},
    Pages = {293--311},
    Year = {2014}
}

@article{aschenbrenner2007finite,
  title={Finite generation of symmetric ideals},
  author={Aschenbrenner, Matthias and Hillar, Christopher},
  journal={Transactions of the American Mathematical Society},
  volume={359},
  number={11},
  pages={5171--5192},
  year={2007}
}

@article{draisma2013noetherianity,
  title={Noetherianity for infinite-dimensional toric varieties},
  author={Draisma, Jan and Eggermont, Rob H and Krone, Robert and Leykin, Anton},
  journal={Algebra \& Number Theory},
  volume={9},
  number={8},
  pages={1857--1880},
  year={2015}
}
